
@book{jakes1994microwave,
  title={Microwave mobile communications},
  author={Jakes, William C and Cox, Donald C},
  year={1994},
  publisher={Wiley-IEEE Press}
}
 
@book{lathi1998modern,
  title={Modern Digital and Analog Communication Systems 3e Osece},
  author={Lathi, Bhagwandas Pannalal},
  year={1998},
  publisher={Oxford university press}
}